@article{li2010swarm,
  title={Swarm: Mining relaxed temporal moving object clusters},
  author={Li, Zhenhui and Ding, Bolin and Han, Jiawei and Kays, Roland},
  journal={Proceedings of the VLDB Endowment},
  volume={3},
  number={1-2},
  pages={723--734},
  year={2010},
  publisher={VLDB Endowment}
}

@inproceedings{li2010mining,
  title={Mining periodic behaviors for moving objects},
  author={Li, Zhenhui and Ding, Bolin and Han, Jiawei and Kays, Roland and Nye, Peter},
  booktitle={Proceedings of the 16th ACM SIGKDD international conference on Knowledge discovery and data mining},
  pages={1099--1108},
  year={2010},
  organization={ACM}
}

@article{li2013attraction,
  title={Attraction and avoidance detection from movements},
  author={Li, Zhenhui and Ding, Bolin and Wu, Fei and Lei, Tobias Kin Hou and Kays, Roland and Crofoot, Margaret C},
  journal={Proceedings of the VLDB Endowment},
  volume={7},
  number={3},
  pages={157--168},
  year={2013},
  publisher={VLDB Endowment}
}



@inproceedings{zheng2013u,
  title={U-Air: When urban air quality inference meets big data},
  author={Zheng, Yu and Liu, Furui and Hsieh, Hsun-Ping},
  booktitle={Proceedings of the 19th ACM SIGKDD international conference on Knowledge discovery and data mining},
  pages={1436--1444},
  year={2013},
  organization={ACM}
}


@incollection{castro2012urban,
  title={Urban traffic modelling and prediction using large scale taxi GPS traces},
  author={Castro, Pablo Samuel and Zhang, Daqing and Li, Shijian},
  booktitle={Pervasive Computing},
  pages={57--72},
  year={2012},
  publisher={Springer}
}


@inproceedings{zheng2014diagnosing,
  title={Diagnosing New York city's noises with ubiquitous data},
  author={Zheng, Yu and Liu, Tong and Wang, Yilun and Zhu, Yanmin and Liu, Yanchi and Chang, Eric},
  booktitle={Proceedings of the 2014 ACM International Joint Conference on Pervasive and Ubiquitous Computing},
  pages={715--725},
  year={2014},
  organization={ACM}
}