@BOOK{ml:murphy,
	AUTHOR = "Kevin P. Murphy",
	TITLE = "Machine Learning: A Probabilistic Perspective",
	PUBLISHER = "The MIT Press",
	ADDRESS = "Cambridge, Massachusetts",
	YEAR = "2012"	}
    
@ARTICLE{rand:hubert,
    author = {Lawrence Hubert and Phipps Arabie},
    title = {Comparing Partitions},
    journal = {Journal of Classification},
    volume = {2},
    number = {1},
    pages = {193-218},
    year = {1985}
}

@BOOK{BDA3,
	AUTHOR = "Andrew Gelman, John B. Carlin, Hal S. Stern, David B. Dunson, 	Aki Vehtari, and Donald B. Rubin",
	TITLE = "Bayesian Data Analysis: Third Edition",
	PUBLISHER = "CRC Press",
	ADDRESS = "Boca Raton, FL",
	YEAR = "2013"}
    
    
@online{census:2010,
  year  =        2010,
  title =        "United States Census Bureau. Demographics Survey",
  url =           "http://www.census.gov",
}


@article{wang2017non,
  title={Non-Stationary Model for Crime Rate Inference Using Modern Urban Data},
  author={Wang, Hongjian and Yao, Huaxiu and Kifer, Daniel and Graif, Corina and Li, Zhenhui},
  journal={IEEE Transactions on Big Data},
  year={2017},
  publisher={IEEE}
}

@INPROCEEDINGS{wang:region,
	AUTHOR = "Hongjian Wang and Zhenhui Li",
	TITLE = "Region Representation Learningvia Mobility Flow",
	BOOKTITLE = "In Proceedings of CIKM'17",
	PAGES = "10 pages",
	ORGANIZATION = "CIKM'17",
	MONTH = "November", 
	YEAR = {2017}	}


@online{nyc-open-data,
  author = {Open Data Team},
  title = {NYC Open Data Dashboard},
  year = 2018,
  url = {https://opendata.cityofnewyork.us/dashboard/},
  urldate = {2018-01-31}
}


@inproceedings{strens2003evolutionary,
  title={Evolutionary MCMC sampling and optimization in discrete spaces},
  author={Strens, Malcolm},
  booktitle={Proceedings of the 20th International Conference on Machine Learning (ICML-03)},
  pages={736--743},
  year={2003}
}



@article{xu2017understanding,
  title={Understanding mobile traffic patterns of large scale cellular towers in urban environment},
  author={Xu, Fengli and Li, Yong and Wang, Huandong and Zhang, Pengyu and Jin, Depeng},
  journal={IEEE/ACM Transactions on Networking (TON)},
  volume={25},
  number={2},
  pages={1147--1161},
  year={2017},
  publisher={IEEE Press}
}

@inproceedings{zheng2015forecasting,
  title={Forecasting fine-grained air quality based on big data},
  author={Zheng, Yu and Yi, Xiuwen and Li, Ming and Li, Ruiyuan and Shan, Zhangqing and Chang, Eric and Li, Tianrui},
  booktitle={Proceedings of the 21th ACM SIGKDD International Conference on Knowledge Discovery and Data Mining},
  pages={2267--2276},
  year={2015},
  organization={ACM}
}

@inproceedings{wang2016simple,
  title={A simple baseline for travel time estimation using large-scale trip data},
  author={Wang, Hongjian and Kuo, Yu-Hsuan and Kifer, Daniel and Li, Zhenhui},
  booktitle={Proceedings of the 24th ACM SIGSPATIAL International Conference on Advances in Geographic Information Systems},
  pages={61},
  year={2016},
  organization={ACM}
}

@inproceedings{wu2016interpreting,
  title={Interpreting traffic dynamics using ubiquitous urban data},
  author={Wu, Fei and Wang, Hongjian and Li, Zhenhui},
  booktitle={Proceedings of the 24th ACM SIGSPATIAL International Conference on Advances in Geographic Information Systems},
  pages={69},
  year={2016},
  organization={ACM}
}

@inproceedings{li2015traffic,
  title={Traffic prediction in a bike-sharing system},
  author={Li, Yexin and Zheng, Yu and Zhang, Huichu and Chen, Lei},
  booktitle={Proceedings of the 23rd SIGSPATIAL International Conference on Advances in Geographic Information Systems},
  pages={33},
  year={2015},
  organization={ACM}
}

@article{li2016learning,
  title={Learning to optimize},
  author={Li, Ke and Malik, Jitendra},
  journal={arXiv preprint arXiv:1606.01885},
  year={2016}
}

@article{andreev2006balanced,
  title={Balanced graph partitioning},
  author={Andreev, Konstantin and Racke, Harald},
  journal={Theory of Computing Systems},
  volume={39},
  number={6},
  pages={929--939},
  year={2006},
  publisher={Springer}
}

@article{andrieu2003introduction,
  title={An introduction to MCMC for machine learning},
  author={Andrieu, Christophe and De Freitas, Nando and Doucet, Arnaud and Jordan, Michael I},
  journal={Machine learning},
  volume={50},
  number={1-2},
  pages={5--43},
  year={2003},
  publisher={Springer}
}

@BOOK{hastie:book,
	AUTHOR = "Trevor Hastie, Robert Tibshirani, and Jerome Friedman",
	TITLE = "The Elements of Statistical Learning",
	PUBLISHER = "Springer",
	ADDRESS = "New York, NY",
	YEAR = "2009"}


@book{sutton1998reinforcement,
  title={Reinforcement learning: An introduction},
  author={Sutton, Richard S and Barto, Andrew G},
  volume={1},
  number={1},
  year={1998},
  publisher={MIT press Cambridge}
}

@inproceedings{van2016deep,
  title={Deep Reinforcement Learning with Double Q-Learning.},
  author={Van Hasselt, Hado and Guez, Arthur and Silver, David},
  booktitle={AAAI},
  volume={16},
  pages={2094--2100},
  year={2016}
}

@article{graif2017long,
  title={The Long Arm of Poverty: Extended and Relational Geographies of Child Victimization and Neighborhood Violence Exposures},
  author={Graif, Corina and Matthews, Stephen A},
  journal={Justice Quarterly},
  volume={34},
  number={6},
  pages={1096--1125},
  year={2017},
  publisher={Taylor \& Francis}
}


@book{miller2009geographic,
  title={Geographic data mining and knowledge discovery},
  author={Miller, Harvey J and Han, Jiawei},
  year={2009},
  publisher={CRC Press}
}
