@article{nations2014world,
  title={World Urbanization Prospects: The 2014 Revision, Highlights. Department of Economic and Social Affairs},
  author={Nations, U},
  journal={Population Division, United Nations},
  year={2014}
}

@article{lund1996producing,
  title={Producing high-dimensional semantic spaces from lexical co-occurrence},
  author={Lund, Kevin and Burgess, Curt},
  journal={Behavior Research Methods, Instruments, \& Computers},
  volume={28},
  number={2},
  pages={203--208},
  year={1996},
  publisher={Springer}
}

@article{rohde2006improved,
  title={An improved model of semantic similarity based on lexical co-occurrence},
  author={Rohde, Douglas LT and Gonnerman, Laura M and Plaut, David C},
  journal={Communications of the ACM},
  volume={8},
  pages={627--633},
  year={2006}
}


@article{yan2007graph,
  title={Graph embedding and extensions: a general framework for dimensionality reduction},
  author={Yan, Shuicheng and Xu, Dong and Zhang, Benyu and Zhang, Hong-Jiang and Yang, Qiang and Lin, Stephen},
  journal={IEEE transactions on pattern analysis and machine intelligence},
  volume={29},
  number={1},
  pages={40--51},
  year={2007},
  publisher={IEEE}
}

@article{shi2015framework,
  title={A framework of joint graph embedding and sparse regression for dimensionality reduction},
  author={Shi, Xiaoshuang and Guo, Zhenhua and Lai, Zhihui and Yang, Yujiu and Bao, Zhifeng and Zhang, David},
  journal={IEEE Transactions on Image Processing},
  volume={24},
  number={4},
  pages={1341--1355},
  year={2015},
  publisher={IEEE}
}

@inproceedings{belkin2001laplacian,
  title={Laplacian eigenmaps and spectral techniques for embedding and clustering.},
  author={Belkin, Mikhail and Niyogi, Partha},
  booktitle={NIPS},
  volume={14},
  pages={585--591},
  year={2001}
}

@article{roweis2000nonlinear,
  title={Nonlinear dimensionality reduction by locally linear embedding},
  author={Roweis, Sam T and Saul, Lawrence K},
  journal={Science},
  volume={290},
  number={5500},
  pages={2323--2326},
  year={2000},
  publisher={American Association for the Advancement of Science}
}

@inproceedings{mikolov2013distributed,
  title={Distributed representations of words and phrases and their compositionality},
  author={Mikolov, Tomas and Sutskever, Ilya and Chen, Kai and Corrado, Greg S and Dean, Jeff},
  booktitle={Advances in neural information processing systems},
  pages={3111--3119},
  year={2013}
}

@article{mikolov2013efficient,
  title={Efficient estimation of word representations in vector space},
  author={Mikolov, Tomas and Chen, Kai and Corrado, Greg and Dean, Jeffrey},
  journal={arXiv preprint arXiv:1301.3781},
  year={2013}
}

@inproceedings{mikolov2013linguistic,
  title={Linguistic Regularities in Continuous Space Word Representations.},
  author={Mikolov, Tomas and Yih, Wen-tau and Zweig, Geoffrey},
  booktitle={HLT-NAACL},
  volume={13},
  pages={746--751},
  year={2013}
}

@inproceedings{pennington2014glove,
  title={Glove: Global Vectors for Word Representation.},
  author={Pennington, Jeffrey and Socher, Richard and Manning, Christopher D},
  booktitle={EMNLP},
  volume={14},
  pages={1532--43},
  year={2014}
}

@inproceedings{perozzi2014deepwalk,
  title={Deepwalk: Online learning of social representations},
  author={Perozzi, Bryan and Al-Rfou, Rami and Skiena, Steven},
  booktitle={Proceedings of the 20th ACM SIGKDD international conference on Knowledge discovery and data mining},
  pages={701--710},
  year={2014},
  organization={ACM}
}

@inproceedings{tang2015line,
  title={Line: Large-scale information network embedding},
  author={Tang, Jian and Qu, Meng and Wang, Mingzhe and Zhang, Ming and Yan, Jun and Mei, Qiaozhu},
  booktitle={Proceedings of the 24th International Conference on World Wide Web},
  pages={1067--1077},
  year={2015},
  organization={ACM}
}


@inproceedings{grovernode2vec,
  title={node2vec: Scalable Feature Learning for Networks},
  author={Grover, Aditya and Leskovec, Jure},
  booktitle={Proceedings of the 22nd ACM SIGKDD international conference on Knowledge discovery and data mining},
  year={2016},
  organization={ACM}
}

@inproceedings{wang2016linked,
  title={Linked Document Embedding for Classification},
  author={Wang, Suhang and Tang, Jiliang and Aggarwal, Charu and Liu, Huan},
  booktitle={Proceedings of the 25th ACM International on Conference on Information and Knowledge Management},
  pages={115--124},
  year={2016},
  organization={ACM}
}


@misc{word2vec-tensorflow,
	author="Google - Tensorflow",
    title="Vector Representation of Words",
    year=2016,
    url={https://www.tensorflow.org/versions/r0.11/tutorials/word2vec/index.html},
    note={ast paragraph in section ``Motivation: Why Learn Word Embeddings?''},
}



@misc{data-taxi,
author = {Chicago Digital},
title = {Chicago Taxi Data Released},
note = {Accessed: November, 2016},
howpublished= "\url{http://digital.cityofchicago.org/index.php/chicago-taxi-data-released/}",
year=2016
}

@Misc{nyctaxi,
	author = {NYC Taxi \& Limousine Commission},
	title = {NYC Taxi Data},
	note = {Accessed: February, 2017},
	howpublished= "\url{http://www.nyc.gov/html/tlc/html/about/trip_record_data.shtml}",
  year=2017,
}


@misc{data-houseprice,
	author={Zillow.com},
    title={Real Estate Value in Chicago},
    howpublished="\url{https://www.zillow.com/}",
    year=2017
}



@misc{data-crime,
	author={City of Chicago data portal},
	howpublished="\url{https://data.cityofchicago.org/Public-Safety/Crimes-2001-to-present/ijzp-q8t2}",
	year=2015
}


@misc{data-poi,
	author={Foursquare Venues Service},
	howpublished="\url{https://developer.foursquare.com/overview/venues.html}",
    year=2015
}

@misc{data-lehd,
	author={United States Census Bureau},
    howpublished="\url{https://lehd.ces.census.gov/}",
    title={Longitudinal Employer-Household Dynamics},
    year=2016
}

@misc{data-census,
	author={United States Census Bureau},
    title={Demographics survey},
	howpublished="\url{http://www.census.gov}",
    year=2010
}

@inproceedings{wang2016crime,
 author = {Wang, Hongjian and Kifer, Daniel and Graif, Corina and Li, Zhenhui},
 title = {Crime Rate Inference with Big Data},
 booktitle = {Proceedings of the 22Nd ACM SIGKDD International Conference on Knowledge Discovery and Data Mining},
 series = {KDD '16},
 year = {2016},
 isbn = {978-1-4503-4232-2},
 location = {San Francisco, California, USA},
 pages = {635--644},
 numpages = {10},
 url = {http://doi.acm.org/10.1145/2939672.2939736},
 doi = {10.1145/2939672.2939736},
 acmid = {2939736},
 publisher = {ACM},
 address = {New York, NY, USA},
 keywords = {big data, crime inference, heterogeneous data, spatial-temporal data},
} 


@article{walker1974new,
  title={New fast method for generating discrete random numbers with arbitrary frequency distributions},
  author={Walker, Alastair J},
  journal={Electronics Letters},
  volume={10},
  number={8},
  pages={127--128},
  year={1974},
  publisher={IET}
}


@article{nekola1999distance,
  title={The distance decay of similarity in biogeography and ecology},
  author={Nekola, Jeffrey C and White, Peter S},
  journal={Journal of Biogeography},
  volume={26},
  number={4},
  pages={867--878},
  year={1999},
  publisher={Wiley Online Library}
}


@article{antikainen2005concept,
  title={The concept of functional urban area},
  author={Antikainen, Janne},
  journal={Informationen zur Raumentwicklung},
  volume={7},
  pages={447--456},
  year={2005}
}

@inproceedings{qi2011measuring,
  title={Measuring social functions of city regions from large-scale taxi behaviors},
  author={Qi, Guande and Li, Xiaolong and Li, Shijian and Pan, Gang and Wang, Zonghui and Zhang, Daqing},
  booktitle={Pervasive Computing and Communications Workshops (PERCOM Workshops), 2011 IEEE International Conference on},
  pages={384--388},
  year={2011},
  organization={IEEE}
}

@article{pan2013land,
  title={Land-use classification using taxi GPS traces},
  author={Pan, Gang and Qi, Guande and Wu, Zhaohui and Zhang, Daqing and Li, Shijian},
  journal={IEEE Transactions on Intelligent Transportation Systems},
  volume={14},
  number={1},
  pages={113--123},
  year={2013},
  publisher={IEEE}
}

@inproceedings{yuan2012discovering,
  title={Discovering regions of different functions in a city using human mobility and POIs},
  author={Yuan, Jing and Zheng, Yu and Xie, Xing},
  booktitle={Proceedings of the 18th ACM SIGKDD international conference on Knowledge discovery and data mining},
  pages={186--194},
  year={2012},
  organization={ACM}
}


@inproceedings{ahmed2013distributed,
  title={Distributed large-scale natural graph factorization},
  author={Ahmed, Amr and Shervashidze, Nino and Narayanamurthy, Shravan and Josifovski, Vanja and Smola, Alexander J},
  booktitle={Proceedings of the 22nd international conference on World Wide Web},
  pages={37--48},
  year={2013},
  organization={ACM}
}


@article{tenenbaum2000global,
  title={A global geometric framework for nonlinear dimensionality reduction},
  author={Tenenbaum, Joshua B and De Silva, Vin and Langford, John C},
  journal={science},
  volume={290},
  number={5500},
  pages={2319--2323},
  year={2000},
  publisher={American Association for the Advancement of Science}
}

@book{cox2000multidimensional,
  title={Multidimensional scaling},
  author={Cox, Trevor F and Cox, Michael AA},
  year={2000},
  publisher={CRC press}
}


@inproceedings{xie2016learning,
  title={Learning Graph-based POI Embedding for Location-based Recommendation},
  author={Xie, Min and Yin, Hongzhi and Wang, Hao and Xu, Fanjiang and Chen, Weitong and Wang, Sen},
  booktitle={Proceedings of the 25th ACM International on Conference on Information and Knowledge Management},
  pages={15--24},
  year={2016},
  organization={ACM}
}

@inproceedings{zheng2013u,
  title={U-air: When urban air quality inference meets big data},
  author={Zheng, Yu and Liu, Furui and Hsieh, Hsun-Ping},
  booktitle={Proceedings of the 19th ACM SIGKDD international conference on Knowledge discovery and data mining},
  pages={1436--1444},
  year={2013},
  organization={ACM}
}

@inproceedings{zheng2014diagnosing,
  title={Diagnosing New York city's noises with ubiquitous data},
  author={Zheng, Yu and Liu, Tong and Wang, Yilun and Zhu, Yanmin and Liu, Yanchi and Chang, Eric},
  booktitle={Proceedings of the 2014 ACM International Joint Conference on Pervasive and Ubiquitous Computing},
  pages={715--725},
  year={2014},
  organization={ACM}
}

@inproceedings{fu2014sparse,
  title={Sparse real estate ranking with online user reviews and offline moving behaviors},
  author={Fu, Yanjie and Ge, Yong and Zheng, Yu and Yao, Zijun and Liu, Yanchi and Xiong, Hui and Yuan, Jing},
  booktitle={Data Mining (ICDM), 2014 IEEE International Conference on},
  pages={120--129},
  year={2014},
  organization={IEEE}
}