
@article{CLFM79,
  title={Social change and crime rate trends: A routine activity approach},
  author={Cohen, Lawrence E and Felson, Marcus},
  journal={American sociological review},
  pages={588--608},
  year={1979},
  publisher={JSTOR}
}


@article{BPBP95,
  title={Criminality of place},
  author={Brantingham, Patricia and Brantingham, Paul},
  journal={European journal on criminal policy and research},
  volume={3},
  number={3},
  pages={5--26},
  year={1995},
  publisher={Springer}
}


@book{FBC03,
  title={Geographically weighted regression: the analysis of spatially varying relationships},
  author={Fotheringham, A Stewart and Brunsdon, Chris and Charlton, Martin},
  year={2003},
  publisher={John Wiley \& Sons}
}


