@article{CDC15,
  title={ Leading Causes of Nonfatal Injury, United States 2001 - 2013.},
  author={National Centers for Disease Control and Prevention (CDC)},
  journal={Injury Prevention and Control: data and statistics},
  year={2015}
}

@book{Fink08,
  title={Childhood victimization: violence, crime, and abuse in the lives of young people: violence, crime, and abuse in the lives of young people},
  author={Finkelhor, David},
  year={2008},
  publisher={Oxford University Press, USA}
}

@book{Baum05,
  title={Juvenile victimization and offending, 1993-2003},
  author={Baum, Katrina},
  year={2005},
  publisher={US Department of Justice, Office of Justice Programs, Bureau of Justice Statistics}
}


@inproceedings{YZX12,
  title={Discovering regions of different functions in a city using human mobility and POIs},
  author={Yuan, Jing and Zheng, Yu and Xie, Xing},
  booktitle={ACM SIGKDD},
  pages={186--194},
  year={2012},
  organization={ACM}
}


@article{ZCWY14,
  title={Urban computing: concepts, methodologies, and applications},
  author={Zheng, Yu and Capra, Licia and Wolfson, Ouri and Yang, Hai},
  journal={ACM TIST},
  volume={5},
  number={3},
  pages={38},
  year={2014},
  publisher={ACM}
}

@inproceedings{Bogo14,
  title={Once upon a crime: towards crime prediction from demographics and mobile data},
  author={Bogomolov, Andrey and Lepri, Bruno and Staiano, Jacopo and Oliver, Nuria and Pianesi, Fabio and Pentland, Alex},
  booktitle={Proceedings of the 16th international conference on multimodal interaction},
  pages={427--434},
  year={2014},
  organization={ACM}
}

@article{Ans02,
  title={Under the hood: issues in the specification and interpretation of spatial regression models},
  author={Anselin, Luc},
  journal={Agricultural economics},
  volume={27},
  number={3},
  pages={247--267},
  year={2002},
  publisher={Elsevier}
}



@article{GMS95,
  title={Regression analyses of counts and rates: Poisson, overdispersed Poisson, and negative binomial models.},
  author={Gardner, William and Mulvey, Edward P and Shaw, Esther C},
  journal={Psychological bulletin},
  volume={118},
  number={3},
  pages={392},
  year={1995},
  publisher={American Psychological Association}
}


@article{Lamb92,
  title={Zero-inflated Poisson regression, with an application to defects in manufacturing},
  author={Lambert, Diane},
  journal={Technometrics},
  volume={34},
  number={1},
  pages={1--14},
  year={1992},
  publisher={Taylor \& Francis}
}


@incollection{WGB12,
  title={Automatic crime prediction using events extracted from twitter posts},
  author={Wang, Xiaofeng and Gerber, Matthew S and Brown, Donald E},
  booktitle={Social Computing, Behavioral-Cultural Modeling and Prediction},
  pages={231--238},
  year={2012},
  publisher={Springer}
}


@article{Osg00,
  title={Poisson-based regression analysis of aggregate crime rates},
  author={Osgood, D Wayne},
  journal={Journal of quantitative criminology},
  volume={16},
  number={1},
  pages={21--43},
  year={2000},
  publisher={Springer}
}



@article{HsPu93,
  title={Poverty, income inequality, and violent crime: a meta-analysis of recent aggregate data studies},
  author={Hsieh, Ching-Chi and Pugh, Meredith D},
  journal={Criminal Justice Review},
  volume={18},
  number={2},
  pages={182--202},
  year={1993},
  publisher={Sage Publications}
}


@article{Gerb14,
  title={Predicting crime using Twitter and kernel density estimation},
  author={Gerber, Matthew S},
  journal={Decision Support Systems},
  volume={61},
  year={2014},
  publisher={Elsevier}
}


@article{NaYa14,
  title={Visualising Crime Clusters in a Space-time Cube: An Exploratory Data-analysis Approach Using Space-time Kernel Density Estimation and Scan Statistics},
  author={Nakaya, Tomoki and Yano, Keiji},
  journal={Transactions in GIS},
  volume={14},
  number={3},
  pages={223--239},
  year={2010},
  publisher={Wiley Online Library}
}


@incollection{TQC14,
  title={Mining mobile phone data to investigate urban crime theories at scale},
  author={Traunmueller, Martin and Quattrone, Giovanni and Capra, Licia},
  booktitle={Social Informatics},
  pages={396--411},
  year={2014},
  publisher={Springer}
}



@book{Jac61,
  title={The death and life of great American cities},
  author={Jacobs, Jane},
  year={1961},
  publisher={Vintage}
}


@article{WoMe12,
  title={Does vegetation encourage or suppress urban crime? Evidence from Philadelphia, PA},
  author={Wolfe, Mary K and Mennis, Jeremy},
  journal={Landscape and Urban Planning},
  volume={108},
  number={2},
  pages={112--122},
  year={2012},
  publisher={Elsevier}
}


@inproceedings{SaHi07,
  title={The story of the crime: functional, temporal and spatial tendencies in street robbery},
  author={Sahbaz, Ozlem and Hillier, Bill},
  booktitle={Proc of 6th International Space Syntax Symposium, Istanbul},
  pages={4--14},
  year={2007}
}


@article{Bur88,
  title={Crime and racial composition in contiguous communities as negative externalities: prejudiced household's evaluation of crime rate and segregation nearby reduces housing values and tax revenues},
  author={Burnell, James D},
  journal={American Journal of Economics and Sociology},
  volume={47},
  number={2},
  pages={177--193},
  year={1988},
  publisher={Wiley Online Library}
}


@article{GSGL01,
  title={Spatial dynamics of alcohol availability, neighborhood structure and violent crime.},
  author={Gorman, Dennis M and Speer, Paul W and Gruenewald, Paul J and Labouvie, Erich W},
  journal={Journal of studies on alcohol},
  volume={62},
  number={5},
  pages={628--636},
  year={2001},
  publisher={Rutgers University Piscataway, NJ}
}


@article{ACC00,
  title={Spatial analyses of crime},
  author={Anselin, Luc and Cohen, Jacqueline and Cook, David and Gorr, Wilpen and Tita, George},
  journal={Criminal justice},
  volume={4},
  number={2},
  pages={213--262},
  year={2000},
  publisher={Washington DC: NIJ}
}


@article{MoSa97,
  title={Violent crime and the spatial dynamics of neighborhood transition: Chicago, 1970--1990},
  author={Morenoff, Jeffrey D and Sampson, Robert J},
  journal={Social forces},
  volume={76},
  number={1},
  pages={31--64},
  year={1997},
  publisher={Oxford University Press}
}


@misc{crime-data,
	title={City of Chicago data portal},
	howpublished="https://data.cityofchicago.org/Public-Safety/Crimes-2001-to-present/ijzp-q8t2",
	year=2015
}


@misc{census-data,
	title={United States Census Bureau},
	howpublished="http://www.census.gov"
}


@misc{poi-data,
	title={Foursquare Venues Service},
	howpublished="https://developer.foursquare.com/overview/venues.html"
}



@article{MSBS+12,
  title={Self-exciting point process modeling of crime},
  author={Mohler, George O and Short, Martin B and Brantingham, P Jeffrey and Schoenberg, Frederic Paik and Tita, George E},
  journal={Journal of the American Statistical Association},
  year={2012},
  publisher={Taylor \& Francis}
}


@incollection{Ehrl75,
  title={On the relation between education and crime},
  author={Ehrlich, Isaac},
  booktitle={Education, income, and human behavior},
  pages={313--338},
  year={1975},
  publisher={NBER}
}


@book{Brai89,
  title={Crime, shame and reintegration},
  author={Braithwaite, John},
  year={1989},
  publisher={Cambridge University Press}
}



@article{Patt91,
  title={Poverty, income inequality, and community crime rates},
  author={Patterson, E Britt},
  journal={Criminology},
  volume={29},
  number={4},
  pages={755--776},
  year={1991},
  publisher={Wiley Online Library}
}



@article{Free99,
  title={The economics of crime},
  author={Freeman, Richard B},
  journal={Handbook of labor economics},
  volume={3},
  pages={3529--3571},
  year={1999},
  publisher={Elsevier}
}


@incollection{WRWS13,
  title={Learning to detect patterns of crime},
  author={Wang, Tong and Rudin, Cynthia and Wagner, Daniel and Sevieri, Rich},
  booktitle={Machine Learning and Knowledge Discovery in Databases},
  year={2013},
  publisher={Springer}
}



@article{SDPT+08,
  title={A statistical model of criminal behavior},
  author={Short, Martin B and D'ORSOGNA, Maria R and Pasour, Virginia B and Tita, George E and Brantingham, P Jeffrey and Bertozzi, Andrea L and Chayes, Lincoln B},
  journal={Mathematical Models and Methods in Applied Sciences},
  volume={18},
  number={supp01},
  pages={1249--1267},
  year={2008},
  publisher={World Scientific}
}



@article{Ratc06,
  title={A temporal constraint theory to explain opportunity-based spatial offending patterns},
  author={Ratcliffe, Jerry H},
  journal={Journal of Research in Crime and Delinquency},
  volume={43},
  number={3},
  pages={261--291},
  year={2006},
  publisher={Sage Publications}
}



@inproceedings{BuGi10,
  title={Fuzzy association rule mining for community crime pattern discovery},
  author={Buczak, Anna L and Gifford, Christopher M},
  booktitle={ACM SIGKDD Workshop on Intelligence and Security Informatics},
  pages={2},
  year={2010},
  organization={ACM}
}



@article{TEP11,
  title={Spatiotemporal correlations in criminal offense records},
  author={Toole, Jameson L and Eagle, Nathan and Plotkin, Joshua B},
  journal={ACM Transactions on Intelligent Systems and Technology (TIST)},
  volume={2},
  number={4},
  pages={38},
  year={2011},
  publisher={ACM}
}




@article{CTU08,
  title={The utility of hotspot mapping for predicting spatial patterns of crime},
  author={Chainey, Spencer and Tompson, Lisa and Uhlig, Sebastian},
  journal={Security Journal},
  volume={21},
  number={1},
  pages={4--28},
  year={2008},
  publisher={Nature Publishing Group}
}




@article{ECCW05,
  title={Mapping crime: Understanding hotspots},
  author={Eck, John and Chainey, Spencer and Cameron, James and Wilson, R},
  year={2005},
  publisher={National Institute of Justice}
}

@misc{wiki-ca,
   author = "Wikipedia",
   title = "Community areas in Chicago --- Wikipedia{,} The Free Encyclopedia",
   year = "2015",
   url = {https://en.wikipedia.org/w/index.php?title=Community_areas_in_Chicago&oldid=696795849}
 }
 
 
 @mis{crime-stats,
	author="Chicago Tribune",
	title="A tale of 3 cities: LA and NYC outpace Chicago in curbing violence",
	year="2015",
	url={http://www.chicagotribune.com/news/ct-violence-chicago-new-york-los-angeles-met-20150918-story.html}
}


@article{GrSa09,
  title={Spatial heterogeneity in the effects of immigration and diversity on neighborhood homicide rates},
  author={Graif, Corina and Sampson, Robert J},
  journal={Homicide Studies},
  year={2009},
  publisher={Sage Publications}
}



@article{SRE97,
  title={Neighborhoods and violent crime: A multilevel study of collective efficacy},
  author={Sampson, Robert J and Raudenbush, Stephen W and Earls, Felton},
  journal={Science},
  volume={277},
  number={5328},
  pages={918--924},
  year={1997},
  publisher={American Association for the Advancement of Science}
}



@article{Grai15,
  title={Toward a Geographically Extended Perspective of Neighborhood Effects on Children's Victimization},
  author={Graif, Corina},
  journal={American Society of Criminology Annual Meeting},
  year={2015},
  publisher={Washington, DC}
}



@article{GGM14,
  title={Urban poverty and neighborhood effects on crime: Incorporating spatial and network perspectives},
  author={Graif, Corina and Gladfelter, Andrew S and Matthews, Stephen A},
  journal={Sociology Compass},
  volume={8},
  number={9},
  pages={1140--1155},
  year={2014},
  publisher={Wiley Online Library}
}



@book{GWR03,
  title={Geographically weighted regression},
  author={Fotheringham, A Stewart and Brunsdon, Chris and Charlton, Martin},
  year={2003},
  publisher={John Wiley \& Sons, Limited}
}


@misc{ wiki:simpson,
   author = "Wikipedia",
   title = "Simpson's paradox --- Wikipedia{,} The Free Encyclopedia",
   year = "2016",
   url = "https://en.wikipedia.org/w/index.php?title=Simpson%27s_paradox&oldid=717258021",
   note = "[Online; accessed 3-May-2016]"
 }